<?xml version="1.0" encoding="UTF-8"?>
<record xmlns="http://www.loc.gov/MARC21/slim">
   <leader>02498cam a2200373 a 4500</leader>
   <controlfield tag="001">801023</controlfield>
   <controlfield tag="003">NjP</controlfield>
   <controlfield tag="005">20190705141955.0</controlfield>
   <controlfield tag="008">930413s1876    iq            000 0 ara d</controlfield>
   <datafield tag="024" ind1="7" ind2=" ">
      <subfield code="a">princeton_aco004115</subfield>
      <subfield code="2">local</subfield>
   </datafield>
   <datafield ind1=" " ind2=" " tag="035">
      <subfield code="a">(CStRLIN)NJPG93-B20607</subfield>
   </datafield>
   <datafield ind1=" " ind2=" " tag="035">
      <subfield code="9">ADX2097TS</subfield>
   </datafield>
   <datafield ind1=" " ind2=" " tag="035">
      <subfield code="a">(NjP)801023</subfield>
   </datafield>
   <datafield ind1=" " ind2=" " tag="040">
      <subfield code="a">NjP</subfield>
      <subfield code="c">PUL</subfield>
      <subfield code="d">PUL</subfield>
   </datafield>
   <datafield ind1=" " ind2=" " tag="043">
      <subfield code="a">e-tu---</subfield>
   </datafield>
   <datafield ind1=" " ind2=" " tag="049">
      <subfield code="a">PULL</subfield>
   </datafield>
   <datafield ind1=" " ind2=" " tag="035">
      <subfield code="a">(OCoLC)ocm27983312</subfield>
   </datafield>
   <datafield ind1="1" ind2=" " tag="100">
      <subfield code="6">880-01</subfield>
      <subfield code="a">Ālūsī, Maḥmūd ibn ʻAbd Allāh,</subfield>
      <subfield code="d">1802 or 1803-1853 or 1854.</subfield>
      <subfield code="0">http://id.loc.gov/authorities/names/nr90027031</subfield>
   </datafield>
   <datafield ind1="1" ind2="0" tag="240">
      <subfield code="6">880-02</subfield>
      <subfield code="a">Nashwat al-shumūl fī al-safar ilá Islāmbūl</subfield>
   </datafield>
   <datafield ind1="1" ind2="0" tag="245">
      <subfield code="6">880-03</subfield>
      <subfield code="a">Hādhā kitāb nashwat al-shumūl fī al-safar ilá Islāmbūl riḥlat ʻallāmat ʻaṣrihi wa-fahhāmat Miṣr, khātimat al-mufassirīn al-marḥūm Abū al-Thanāʼ Shihāb al-Dīn al-sayyid Maḥmūd afandī al-shahīr bi-Alūsīźādah.</subfield>
   </datafield>
   <datafield ind1=" " ind2=" " tag="260">
      <subfield code="6">880-04</subfield>
      <subfield code="a">Baghdād :</subfield>
      <subfield code="b">Maṭbaʻat Wilāyat,</subfield>
      <subfield code="c">1293 [1876 or 1877]</subfield>
   </datafield>
   <datafield ind1=" " ind2=" " tag="300">
      <subfield code="a">136 p. ;</subfield>
      <subfield code="c">24 cm.</subfield>
   </datafield>
   <datafield ind1=" " ind2="0" tag="651">
      <subfield code="a">Istanbul (Turkey)</subfield>
      <subfield code="x">Description and travel.</subfield>
      <subfield code="0">http://id.loc.gov/authorities/subjects/sh2008115544</subfield>
   </datafield>
   <datafield ind1="0" ind2=" " tag="740">
      <subfield code="6">880-05</subfield>
      <subfield code="a">Nashwat al-shumūl fī al-safar ilá Islāmbūl riḥlat ʻallāmat ʻaṣrihi wa-fahhāmat Miṣr, khātimat al-mufassirīn al-marḥūm Abū al-Thanāʼ Shihāb al-Dīn al-sayyid Maḥmūd afandī al-shahīr bi-Alūsīźādah.</subfield>
   </datafield>
   <datafield ind1="1" ind2=" " tag="880">
      <subfield code="6">100-01/r</subfield>
      <subfield code="a">آلوسي، محمود بن عبد الله،</subfield>
      <subfield code="d">1802 or 1803-1853 or 1854.</subfield>
   </datafield>
   <datafield ind1="1" ind2="0" tag="880">
      <subfield code="6">240-02/r</subfield>
      <subfield code="a">نشوة الشمول في السفر الى اسلامبول</subfield>
   </datafield>
   <datafield ind1="1" ind2="0" tag="880">
      <subfield code="6">245-03/r</subfield>
      <subfield code="a">هذا كتاب نشوة الشمول في السفر الى اسلامبول رحلة علامة عصره وفهامة مصر، خاتمة المفسرين المرحوم ابو الثناء شهاب الدين السيد محمود افندي الشهير بالوسيزادة.</subfield>
   </datafield>
   <datafield ind1=" " ind2=" " tag="880">
      <subfield code="6">260-04/r</subfield>
      <subfield code="a">بغداد :</subfield>
      <subfield code="b">مطبعة ولاية،</subfield>
      <subfield code="c">1293 [1876 or 1877]</subfield>
   </datafield>
   <datafield ind1="0" ind2=" " tag="880">
      <subfield code="6">740-05/r</subfield>
      <subfield code="a">نشوة الشمول في السفر الى اسلامبول رحلة علامة عصره وفهامة مصر، خاتمة المفسرين المرحوم ابو الثناء شهاب الدين السيد محمود افندي الشهير بالوسيزادة.</subfield>
   </datafield>
   <datafield ind1="4" ind2=" " tag="856">
      <subfield code="u">http://hdl.handle.net/2027/njp.32101073505636</subfield>
   </datafield>
   <datafield ind1=" " ind2=" " tag="998">
      <subfield code="a">04/22/93</subfield>
      <subfield code="s">9114</subfield>
      <subfield code="n">NjP</subfield>
      <subfield code="w">NJPG93B20607</subfield>
      <subfield code="d">04/13/93</subfield>
      <subfield code="c">JAB</subfield>
      <subfield code="b">MT</subfield>
      <subfield code="i">930422</subfield>
      <subfield code="l">NJPG</subfield>
   </datafield>
   <datafield ind1=" " ind2=" " tag="911">
      <subfield code="a">19930429</subfield>
   </datafield>
   <datafield ind1=" " ind2=" " tag="912">
      <subfield code="a">19980107051654.0</subfield>
   </datafield>
   <datafield ind1=" " ind2=" " tag="994">
      <subfield code="a">C0</subfield>
      <subfield code="b">PUL</subfield>
   </datafield>
   <datafield ind1=" " ind2=" " tag="999">
      <subfield code="a">801023</subfield>
   </datafield>
   <datafield ind1=" " ind2=" " tag="979">
      <subfield code="a">(OCoLC)ocn176781618</subfield>
   </datafield>
   <datafield ind1="8" ind2="0" tag="852">
      <subfield code="0">907210</subfield>
      <subfield code="b">rcppa</subfield>
      <subfield code="t">1</subfield>
      <subfield code="h">2264.1103.342</subfield>
      <subfield code="x">TR FR ARAB</subfield>
      <subfield code="x">tr fr f</subfield>
   </datafield>
   <datafield ind1="8" ind2=" " tag="852">
      <subfield code="0">8683972</subfield>
      <subfield code="b">elf1</subfield>
      <subfield code="h">Electronic Resource</subfield>
   </datafield>
   <datafield ind1=" " ind2=" " tag="959">
      <subfield code="a">2000-06-08 00:00:00 -0400</subfield>
   </datafield>
</record>
